<?xml version="1.0" encoding="UTF-8"?><collection xmlns="http://www.loc.gov/MARC21/slim"><record><leader>00524nam--2200193-i-4500</leader><controlfield tag="001">000025631</controlfield><controlfield tag="002">20161230</controlfield><controlfield tag="005">20161230201036</controlfield><controlfield tag="008">060222s1000------------r-----000-0-eng-d</controlfield><datafield ind1=" " ind2=" " tag="020"><subfield code="a">0387982620</subfield></datafield><datafield ind1=" " ind2=" " tag="040"><subfield code="a">IFIN-HH</subfield></datafield><datafield ind1=" " ind2=" " tag="080"><subfield code="a">577.1</subfield></datafield><datafield ind1="1" ind2=" " tag="100"><subfield code="a">Bergethon, Peter R</subfield></datafield><datafield ind1="1" ind2="0" tag="245"><subfield code="a">The physical basis of biochemistry</subfield><subfield code="b">The foundations of molecular biophysics</subfield><subfield code="c">Peter r. bergethon</subfield></datafield><datafield ind1=" " ind2=" " tag="260"><subfield code="a">New York</subfield><subfield code="b">Springer</subfield><subfield code="c">1998</subfield></datafield><datafield ind1=" " ind2=" " tag="300"><subfield code="a">567P</subfield></datafield><datafield ind1="2" ind2=" " tag="650"><subfield code="a">Chemsitry</subfield></datafield><datafield ind1=" " ind2=" " tag="852"><subfield code="a">81426</subfield><subfield code="c">577.1</subfield></datafield><datafield ind1=" " ind2=" " tag="CAT"><subfield code="a">Sys</subfield><subfield code="c">20110411</subfield><subfield code="h">141554</subfield></datafield></record></collection>